<?xml version="1.0" encoding="UTF-8"?><collection xmlns="http://www.loc.gov/MARC21/slim"><record><leader>00462nam--2200133-i-4500</leader><controlfield tag="001">000020096</controlfield><controlfield tag="002">20161230</controlfield><controlfield tag="005">20161230201033</controlfield><controlfield tag="008">060222s1000------------r-----000-0-eng-d</controlfield><datafield ind1=" " ind2=" " tag="080"><subfield code="a">669.017.1:536.7(043)</subfield></datafield><datafield ind1=" " ind2=" " tag="100"><subfield code="a">Favre-bonte, Mireille</subfield></datafield><datafield ind1=" " ind2=" " tag="245"><subfield code="a">Diffusion des neutrons par les alliages liquides cuivre plomb.approaches thermodynamiques des facteurs de structure partiels.these</subfield></datafield><datafield ind1=" " ind2=" " tag="260"><subfield code="a">Grenoble, Institut National Polytehnique, 1980 105 P</subfield></datafield><datafield ind1=" " ind2=" " tag="852"><subfield code="a">71135</subfield></datafield></record></collection>